@mastersthesis{兰翔2012基于,
  title = {基于 Nginx 的负载均衡技术的研究与改进},
  author = {兰翔},
  year = {2012},
  school = {华南理工大学},
}

@phdthesis{王东2018动态反馈负载均衡策略的研究,
  title = {动态反馈负载均衡策略的研究},
  author = {王东},
  year = {2018},
  school = {哈尔滨: 哈尔滨工程大学},
}

@phdthesis{王永辉2015基于,
  title = {基于 Nginx 高性能 Web 服务器性能优化与负载均衡的改进与实现},
  author = {王永辉},
  year = {2015},
  school = {成都: 电子科技大学},
}

@article{谭畅2021云中心基于,
  title = {云中心基于 Nginx 的动态权重负载均衡算法.},
  author = {谭畅 and 谭歆 and 胡磊 and 熊炜},
  journal = {Journal of Chongqing University of Posts \& Telecommunications
             (Natural Science Edition)},
  volume = {33},
  number = {6},
  year = {2021},
}

@mastersthesis{张淇2020服务器集群负载均衡算法在商务系统中的研究与应用,
  title = {服务器集群负载均衡算法在商务系统中的研究与应用},
  author = {张淇},
  year = {2020},
  school = {华北理工大学},
}

@inproceedings{chi2012web,
  title = {Web load balance and cache optimization design based nginx under
           high-concurrency environment},
  author = {Chi, Xiaoni and Liu, Bichuan and Niu, Qi and Wu, Qiuxuan},
  booktitle = {2012 Third International Conference on Digital Manufacturing \&
               Automation},
  pages = {1029--1032},
  year = {2012},
  organization = {IEEE},
}

@inproceedings{li2019dynamic,
  title = {A dynamic load balancing strategy based on HAProxy and tcp long
           connection multiplexing technology},
  author = {Li, Wei and Liang, Jinwei and Ma, Xiang and Qin, Bo and Liu, Bang},
  booktitle = {Proceedings of the Fifth Euro-China Conference on Intelligent
               Data Analysis and Applications 5},
  pages = {36--43},
  year = {2019},
  organization = {Springer},
}

@inproceedings{Zepeng,
  author = {Zepeng Wen and Gongliang Li and Guanghong Yang},
  title = {Research and Realization of Nginx-based Dynamic Feedback Load
           Balancing Algorithm},
  booktitle = {2018 IEEE 3rd Advanced Information Technology, Electronic and
               Automation Control Conference : [Volume 1 of 4].},
  year = {2018},
  pages = {2541-2546},
  address = {Chongqing},
  month = {},
  organization = {},
}

@mastersthesis{lijp,
  author = {李杰},
  title = {基于LVS集群的动态负载均衡算法研究},
  school = {南昌航空大学},
  year = {2018},
  type = {硕士论文},
  month = {},
}

@mastersthesis{qbee,
  author = {秦娥},
  title = { 基于Nginx高并发服务器的负载均衡算法研究与改进 },
  school = {武汉理工大学},
  year = {2020},
  type = {硕士论文},
  month = {},
}

@article{vsgohulmwhlofavjvlkltsjibcgc,
  author = {国家图书馆研究院},
  title = { 中国互联网络信息中心发布第52次《中国互联网络发展状况统计报告》 },
  organization = {},
  journal = {国家图书馆学刊},
  year = {2023},
  volume = {32},
  number = {5},
  pages = {13},
  month = {10},
}

@article{chen2001,
  author = {陈建军 and 车建文 and 陈勇},
  title = {具有频率和振型概率约束的工程结构动力优化设计},
  journal = {计算力学学报},
  year = {2001},
  volume = {18},
  number = {1},
  pages = {74$\sim$80},
}

@article{nadkarni1992,
  author = {Nadkarni, M A and Nair, C K K and Pandey, V N and others},
  title = {Characterzation of alpha-galactosidase from corynebacterium
           murisepticum and mechanism of its induction},
  journal = {J Gen App Microbiol},
  year = {1992},
  volume = {38},
  pages = {223$\sim$234},
}

@article{hua1973,
  author = {华罗庚 and 王元},
  title = {论一致分布与近似分析：数论方法（I）},
  journal = {中国科学},
  year = {1973},
  number = {4},
  pages = {339$\sim$357},
}

@book{zhu1973,
  author = {竺可桢},
  title = {物候学},
  address = {北京},
  publisher = {科学出版社},
  year = {1973},
  pages = {104$\sim$107},
}

@book{huo1981,
  author = {霍夫斯塔主编},
  title = {禽病学：下册},
  edition = {第7版},
  translator = {胡祥壁},
  address = {北京},
  publisher = {农业出版社},
  year = {1981},
  pages = {798$\sim$799},
}

@book{timoshenko1959,
  author = {Timoshenko, S P},
  title = {Theory of plate and shells},
  edition = {2nd},
  address = {New York},
  publisher = {McGraw-Hill},
  year = {1959},
  pages = {17$\sim$36},
}

TODO: editor
@incollection{zhang1991,
  author = {张全福 and 王里青},
  title = {“百家争鸣”与理工科学报编辑工作},
  editor = {{见：郑福寿主编}},
  booktitle = {学报编辑论丛：第2集},
  address = {南京},
  publisher = {河海大学出版社},
  year = {1991},
  pages = {1$\sim$4},
}

TODO: editor
@incollection{dupont1974,
  author = {Dupont, B},
  title = {Bone marrow transplantation in severe combined immunodeficiency with
           an unrclated MLC compatible donor},
  editor = {{In: White H J, Smith R, eds}},
  booktitle = {Proceedings of the Third Annual Meeting of the International
               Society for Experimental Hematology},
  address = {Houston},
  publisher = {International Society for Experimental Hematology},
  year = {1974},
  pages = {44$\sim$46},
}

@phdthesis{ding2001,
  author = {丁光莹},
  title = {钢筋混凝土框架结构非线性反应分析的随机模拟分析},
  address = {上海},
  school = {同济大学},
  year = {2001},
}

@phdthesis{cairns1965,
  author = {Cairns, R B},
  title = {Infrared spectroscopic studies on solid oxygen},
  address = {Berkeley},
  school = {Univ of California},
  year = {1965},
}

@patent{patent,
  author = {姜锡洲},
  title = {一种温热外敷药制备方法},
  country = {中国专利},
  patentid = {881056073},
  date = {1989--07--26},
}

@standard{standard,
  author = {全国文献工作标准化技术委员会第六分委员会},
  title = {GB 6447---86 文摘编写规则},
  address = {北京},
  publisher = {中国标准出版社},
  year = {1986},
}

TODO: , 等
@online{wang2005,
  author = {王文惠 and 孟兵 and others},
  title = {利用不变量进行基于内容的图像检索},
  TypeofLit = {EB},
  year = {2005},
  url = {http://www.image2003.com/paper/down/2005528115935222.pdf},
}
